% Encoding: UTF-8


@techreport{linn1997firetec,
  title={{FIRETEC: a transport description of wildfire behavior}},
  author={Linn, RR and Harlow, FH},
  year={1997},
  institution={Los Alamos National Lab., NM (United States)}
}


@TechReport{skamarock2005description,
  author      = {Skamarock, William C and Klemp, Joseph B and Dudhia, Jimy and Gill, David O and Barker, Dale M and Wang, Wei and Powers, Jordan G},
  title       = {{A description of the advanced research WRF version 2}},
  institution = {National Center For Atmospheric Research Boulder Co Mesoscale and Microscale Meteorology Div},
  year        = {2005},
}

@Article{haario2006dram,
  author    = {Haario, Heikki and Laine, Marko and Mira, Antonietta and Saksman, Eero},
  title     = {{DRAM: efficient adaptive MCMC}},
  journal   = {Statistics and Computing},
  year      = {2006},
  volume    = {16},
  number    = {4},
  pages     = {339--354},
  publisher = {Springer},
}
@article{hou1994Ltheta,
  title={Removing the stiffness from interfacial flows with surface tension},
  author={Hou, Thomas Y and Lowengrub, John S and Shelley, Michael J},
  journal={Journal of Computational Physics},
  volume={114},
  number={2},
  pages={312--338},
  year={1994},
  publisher={Elsevier}
}

@article{kardar1986KPZ,
  title={Dynamic scaling of growing interfaces},
  author={Kardar, Mehran and Parisi, Giorgio and Zhang, Yi-Cheng},
  journal={Physical Review Letters},
  volume={56},
  number={9},
  pages={889},
  year={1986},
  publisher={APS}
}

@article{zhang1992modeling,
  title={Modeling forest fire by a paper-burning experiment, a realization of the interface growth mechanism},
  author={Zhang, Jun and Zhang, Y-C and Alstr{\o}m, Preben and Levinsen, Mogens T},
  journal={Physica A: Statistical Mechanics and its Applications},
  volume={189},
  number={3-4},
  pages={383--389},
  year={1992},
  publisher={Elsevier}
}

@article{sdConf,
  title={Efficient Metropolis jumping rules},
  author={Bernardo, JM and Berger, JO and Dawid, AP and Smith, AFM},
  journal={Bayesian Statistics},
  year={1995},
  publisher={Oxford Univ. Press}
}

@article{haario2001adaptive,
  title={An adaptive Metropolis algorithm},
  author={Haario, Heikki and Saksman, Eero and Tamminen, Johanna and others},
  journal={Bernoulli},
  volume={7},
  number={2},
  pages={223--242},
  year={2001},
  publisher={Bernoulli Society for Mathematical Statistics and Probability}
}
@article{tierney1999some,
  title={Some adaptive Monte Carlo methods for Bayesian inference},
  author={Tierney, Luke and Mira, Antonietta},
  journal={Statistics in medicine},
  volume={18},
  number={1718},
  pages={2507--2515},
  year={1999}
}

@article{canfield2014numerical,
  title={A numerical investigation of the interplay between fireline length, geometry, and rate of spread},
  author={Canfield, JM and Linn, RR and Sauer, JA and Finney, M and Forthofer, Jason},
  journal={Agricultural and forest meteorology},
  volume={189},
  pages={48--59},
  year={2014},
  publisher={Elsevier}
}

@Comment{jabref-meta: databaseType:bibtex;}
